@book{lawsofux,
  author={Jon Yablonski},
  title={Laws of UX: Using Psychology to Design Better Products & Services},
  year={2021},
  publisher={O'Reilly Media, Inc,},
}

@book{javascripteverywhere,
  author={Adam D. Scott},
  title={JavaScript Everywhere: Building Cross-Platform Applications with GraphQL, React, React Native and Electron},
  year={2020},
  publisher={O'Reilly Media, Inc,},
}

@book{dontmakemethink,
  author={Steve Krug},
  title={Don't Make Me Think, Revisited: A Common Sense Approach to Web Usability},
  year={2014},
  publisher={Pearson Education, Inc,}
}
@book{uxforbeginners,
  author={Joel Marsh},
  title={UX for Beginners: A Crash Course in 100 Short Lessons},
  year={2020},
  publisher={O'Reilly Media, Inc,},
}
@book{reactandreactnative,
  author={Adam Boduch},
  title={React and React Native Second Edition},
  year={2018},
  publisher={Packt Publishing}
}


@online{datareportal,
author = {dataReportal},
title  = {Digital 2023 Poland (February 2023) v01},
date   = {2023-11},
url    = {https://www.slideshare.net/DataReportal/digital-2023-poland-february-2023-v01}
}

@online{reactnative,
author = {React Native developers},
title  = {Documentation},
date   = {2023-10},
url    = {https://reactnative.dev/}
}

@online{nativewind,
author = {NativeWind developers},
title  = {Documentation},
date   = {2023-10},
url    = {https://www.nativewind.dev/}
}

@online{expogo,
author = {Expo go developers},
title  = {Documentation},
date   = {2023-10},
url    = {https://docs.expo.dev/overview/}
}